<collection xmlns="http://www.loc.gov/MARC21/slim"><record><leader>01004nam  2200289   450</leader><controlfield tag="001">736</controlfield><controlfield tag="003">http://montalegre.opacnet.com/OPAC/default.aspx?ContentAreaControl=ShowRegHoldings.ascx&amp;RegNo=16662</controlfield><datafield tag="010" ind1=" " ind2=" "><subfield code="a">972-9013-96-9</subfield></datafield><datafield tag="021" ind1=" " ind2=" "><subfield code="a">PT</subfield><subfield code="b">44078/92</subfield></datafield><datafield tag="095" ind1=" " ind2=" "><subfield code="a">PTBN00375975</subfield></datafield><datafield tag="100" ind1=" " ind2=" "><subfield code="a">19920713d1992    m  y0pory010305  ba</subfield></datafield><datafield tag="101" ind1="1" ind2=" "><subfield code="a">por</subfield><subfield code="a">ger</subfield></datafield><datafield tag="102" ind1=" " ind2=" "><subfield code="a">PT</subfield></datafield><datafield tag="105" ind1=" " ind2=" "><subfield code="a">y   z   001by</subfield></datafield><datafield tag="106" ind1=" " ind2=" "><subfield code="a">r</subfield></datafield><datafield tag="200" ind1="1" ind2=" "><subfield code="a">Anfitrião</subfield><subfield code="e">&lt;uma &gt;comédia segundo Moliére</subfield><subfield code="d">Amphitryon</subfield><subfield code="e">&lt;ein &gt;Lustspiel nach Moliére</subfield><subfield code="f">Heinrich von Kleist</subfield><subfield code="g">trad. Aires Graça, Anabela Mendes</subfield><subfield code="z">ger</subfield></datafield><datafield tag="210" ind1=" " ind2=" "><subfield code="a">Lisboa</subfield><subfield code="c">Cotovia</subfield><subfield code="d">imp. 1992</subfield></datafield><datafield tag="215" ind1=" " ind2=" "><subfield code="a">221, [2] p.</subfield><subfield code="d">21 cm</subfield></datafield><datafield tag="225" ind1="2" ind2=" "><subfield code="a">Livros Cotovia</subfield></datafield><datafield tag="304" ind1=" " ind2=" "><subfield code="a">Tít. orig. : Amphitryon</subfield></datafield><datafield tag="510" ind1="1" ind2=" "><subfield code="a">Amphitryon</subfield><subfield code="e">&lt;ein &gt;Lustspiel nach Moliére</subfield><subfield code="z">ger</subfield></datafield><datafield tag="675" ind1=" " ind2=" "><subfield code="a">830-2"17/18"</subfield><subfield code="v">BN</subfield><subfield code="z">por</subfield></datafield><datafield tag="700" ind1=" " ind2="1"><subfield code="a">Kleist</subfield><subfield code="b">Heinrich von</subfield><subfield code="f">1777-1811</subfield></datafield><datafield tag="702" ind1=" " ind2="1"><subfield code="a">Graça</subfield><subfield code="b">Aires</subfield><subfield code="4">730</subfield></datafield><datafield tag="702" ind1=" " ind2="1"><subfield code="a">Mendes</subfield><subfield code="b">Anabela</subfield><subfield code="4">730</subfield></datafield><datafield tag="801" ind1=" " ind2="0"><subfield code="a">PT</subfield><subfield code="b">Biblioteca Municipal de Montalegre</subfield><subfield code="g">RPC</subfield></datafield><datafield tag="856" ind1=" " ind2=" "><subfield code="u">locateMedia.asp?cod=20060619152924&amp;ext=jpg</subfield><subfield code="z">CAPA</subfield></datafield><datafield tag="909" ind1="&#9;" ind2=" "><subfield code="a">1</subfield></datafield><datafield tag="966" ind1=" " ind2=" "><subfield code="a">0008891</subfield><subfield code="l">BMM</subfield><subfield code="s">SCG 82-2 KLE anf</subfield></datafield></record></collection>